<collection xmlns="http://www.loc.gov/MARC21/slim">
<record>
  <leader>01535nam0a22003131i 450 </leader>
  <controlfield tag="001">IT\ICCU\CNCE\076218</controlfield>
  <controlfield tag="005">20110812000000.0</controlfield>
  <datafield tag="012" ind1=" " ind2=" ">
    <subfield code="a">i.r. e.no e.eo *m&amp;c (C) 1511 (A)</subfield>
    <subfield code="2">fei</subfield>
  </datafield>
  <datafield tag="100" ind1=" " ind2=" ">
    <subfield code="a">20110811d1511        0itac0103    ba</subfield>
  </datafield>
  <datafield tag="101" ind1=" " ind2=" ">
    <subfield code="a">ITA</subfield>
  </datafield>
  <datafield tag="102" ind1=" " ind2=" ">
    <subfield code="a">IT</subfield>
  </datafield>
  <datafield tag="200" ind1="1" ind2=" ">
    <subfield code="a">Lectura d. Archidiaconi super sexto Decre. cum additionibus nouiter additis</subfield>
  </datafield>
  <datafield tag="210" ind1=" " ind2=" ">
    <subfield code="e">Papie</subfield>
    <subfield code="g">per Bernardinum &amp; Ambrosium fratres de Rouellis</subfield>
    <subfield code="h">5 junii 1511</subfield>
  </datafield>
  <datafield tag="215" ind1=" " ind2=" ">
    <subfield code="a">\132! c.</subfield>
    <subfield code="d">fol</subfield>
  </datafield>
  <datafield tag="620" ind1=" " ind2=" ">
    <subfield code="a">IT</subfield>
    <subfield code="d">Pavia</subfield>
  </datafield>
  <datafield tag="700" ind1=" " ind2="1">
    <subfield code="a">Baisio,</subfield>
    <subfield code="b">Guido : da</subfield>
    <subfield code="3">IT\ICCU\CNCA\001302</subfield>
  </datafield>
  <datafield tag="712" ind1="0" ind2="0">
    <subfield code="a">Rovelli, Bernardino &amp; Rovelli, Ambrogio</subfield>
    <subfield code="3">IT\ICCU\CNCT\000076</subfield>
    <subfield code="4">650</subfield>
  </datafield>
  <datafield tag="790" ind1=" " ind2="1">
    <subfield code="a">Da_Baisio,</subfield>
    <subfield code="b">Guido</subfield>
    <subfield code="3">IT\ICCU\CNCA\010382</subfield>
    <subfield code="z">Baisio, Guido : da</subfield>
  </datafield>
  <datafield tag="790" ind1=" " ind2="0">
    <subfield code="a">Guido</subfield>
    <subfield code="c"> : da#Baisio</subfield>
    <subfield code="3">IT\ICCU\CNCA\010383</subfield>
    <subfield code="z">Baisio, Guido : da</subfield>
  </datafield>
  <datafield tag="790" ind1=" " ind2="0">
    <subfield code="a">Guido</subfield>
    <subfield code="c"> : a#Baiiso</subfield>
    <subfield code="3">IT\ICCU\CNCA\012534</subfield>
    <subfield code="z">Baisio, Guido : da</subfield>
  </datafield>
  <datafield tag="790" ind1=" " ind2="1">
    <subfield code="a">Abaisi,</subfield>
    <subfield code="b">Guido</subfield>
    <subfield code="3">IT\ICCU\CNCA\012536</subfield>
    <subfield code="z">Baisio, Guido : da</subfield>
  </datafield>
  <datafield tag="790" ind1=" " ind2="0">
    <subfield code="a">Guido</subfield>
    <subfield code="c"> : a#Baysio</subfield>
    <subfield code="3">IT\ICCU\CNCA\012537</subfield>
    <subfield code="z">Baisio, Guido : da</subfield>
  </datafield>
  <datafield tag="790" ind1=" " ind2="0">
    <subfield code="a">Archidiaconus</subfield>
    <subfield code="3">IT\ICCU\CNCA\012595</subfield>
    <subfield code="z">Baisio, Guido : da</subfield>
  </datafield>
  <datafield tag="790" ind1=" " ind2="1">
    <subfield code="a">Baysio,</subfield>
    <subfield code="b">Guido : de</subfield>
    <subfield code="3">IT\ICCU\CNCA\012963</subfield>
    <subfield code="z">Baisio, Guido : da</subfield>
  </datafield>
  <datafield tag="790" ind1=" " ind2="0">
    <subfield code="a">Guido Abaisi</subfield>
    <subfield code="3">IT\ICCU\CNCA\014305</subfield>
    <subfield code="z">Baisio, Guido : da</subfield>
  </datafield>
  <datafield tag="791" ind1="0" ind2="0">
    <subfield code="a">Rovelli, Ambrogio</subfield>
    <subfield code="3">IT\ICCU\CNCT\000077</subfield>
    <subfield code="z">Rovelli, Bernardino &amp; Rovelli, Ambrogio</subfield>
  </datafield>
  <datafield tag="791" ind1="0" ind2="0">
    <subfield code="a">Rovellis, Bernardinus de, &amp; Rovellis, Ambrosius de</subfield>
    <subfield code="3">IT\ICCU\CNCT\005414</subfield>
    <subfield code="z">Rovelli, Bernardino &amp; Rovelli, Ambrogio</subfield>
  </datafield>
  <datafield tag="801" ind1=" " ind2="3">
    <subfield code="a">IT</subfield>
    <subfield code="b">ICCU</subfield>
    <subfield code="c">20201115</subfield>
  </datafield>
  <datafield tag="899" ind1=" " ind2=" ">
    <subfield code="a">Biblioteca del Seminario vescovile. Tortona</subfield>
    <subfield code="1">AL0101</subfield>
    <subfield code="2">TO0 GP</subfield>
  </datafield>
</record>
</collection>
